@InProceedings{7900038,
  author       = "{Jing Huang} and {Suya You}",
  booktitle    = "2016 23rd International Conference on Pattern
                 Recognition (ICPR)",
  title        = "Point cloud labeling using 3D Convolutional Neural
                 Network",
  year         = "2016",
  volume       = "",
  number       = "",
  pages        = "2670--2675",
}

@Article{qi2016pointnet,
  title        = "PointNet: Deep Learning on Point Sets for 3D
                 Classification and Segmentation",
  author       = "Charles R Qi and Hao Su and Kaichun Mo and Leonidas J
                 Guibas",
  journal      = "arXiv preprint arXiv:1612.00593",
  year         = "2016",
}
